@Book{ceder:2018,
  author     = {Naomi R. Ceder},
  year       = {2018},
  title      = {The Quick Python Book},
  edition    = {3rd} ,
  publisher  = {Manning Publications}
}

@Book{lutz:2013,
  author     = {Mark Lutz},
  year       = {2013},
  title      = {Learning Python},
  edition    = {5th} ,
  publisher  = {O'Reilly and Associates}
}

@Article{cantor:1895,
  author =      {Georg Cantor},
  title =       {Beitr\"{a}ge zur {B}egr\"{u}ndung der transfiniten {M}engenlehre},
  journal =     {Mathematische Annalen},
  year =        {1895},
  volume =      {46},
  pages =       {481--512}
}

@Book{lipschutz:1998,
  author =      {Seymour Lipschutz},
  year =        {1998},
  title =       {Set Theory and Related Topics},
  publisher =   {McGraw-Hill, New York}
}

@Book{bratko:90,
  title =    "{PROLOG} Programming for Artificial Intelligence",
  author =    "Ivan Bratko",
  publisher =    "Addison-Wesley",
  year =     "1990",
  edition =     "2nd",
  bibdate =    "2002-01-03",
  ISBN =     "0-201-41606-9",
}

@Book{sipser:1996,
  author = 	 {Michael Sipser},
  title = 	 {Introduction to the Theory of Computation},
  publisher = 	 {PWS Publishing Company},
  year = 	 {1996}
}

@Book{hopcroft:06,
  author =    "John E. Hopcroft and Rajeev Motwani and Jeffrey D. Ullman",
  title =    "Introduction to Automata Theory, Languages, and Computation",
  publisher =    "Addison-Wesley",
  EDITION   =   {3rd},
  year =     "2006",
}

@INPROCEEDINGS{mueller:1996,
  author    = {Martin M{\"u}ller and Thomas Gla{\ss} and Karl Stroetmann},
  title     = {Automated Modular Termination Proofs for Real Prolog Programs},
  booktitle = {SAS},
  year      = {1996},
  pages     = {220-237},
  crossref  = {sas:1996},
}
@proceedings{sas:1996,
  editor    = {Radhia Cousot and David A. Schmidt},
  title     = {Static Analysis, Third International Symposium, SAS'96,
               Aachen, Germany, September 24-26, 1996, Proceedings},
  booktitle = {SAS},
  publisher = {Springer},
  series    = {Lecture Notes in Computer Science},
  volume    = {1145},
  year      = {1996},
}

@article{cook:2011,
  author    = {Byron Cook and Andreas Podelski and Andrey Rybalchenko},
  title     = {Proving program termination},
  journal   = {Communications of the ACM},
  volume    = {54},
  number    = {5},
  year      = {2011},
  pages     = {88-98},
}

@Book{lloyd:87,
  author =    "J. W. Lloyd",
  title =    "Foundations of Logic Programming",
  publisher =    "Springer",
  address =    "Berlin",
  year =     "1987",
}
@Book{deransart:96,
  author =    "P.~Deransart and A.~Ed-Dbali and L.~Cervoni",
  title =    "Prolog: The Standard",
  publisher =    "Springer-Verlag",
  year =     "1996",
}

@article{wielemaker:2012,
  author  = {Wielemaker, Jan and Schrijvers, Tom and Triska, Markus and Lager, Torbj\"o{}rn},
  title   = {{SWI-Prolog}},
  journal = {Theory and Practice of Logic Programming},
  year    = {2012},
  volume  = {12},
  number  = {1-2},
  pages   = {67--96},
  ISSN    = {1471-0684},
}
@TechReport{Wielemaker:2013,
    author = {Jan Wielemaker},
    title = {{SWI} {P}rolog  {R}eference {M}anual, {\em updated for version 6.2.6}},
    edition = {}, 
    institution = {Univesity of Amsterdam},
    year = {2013},
}
@Article{davis:1960,
  author = 	 {Martin Davis and Hilary Putnam},
  title = 	 {A Computing Procedure for Quantification Theory},
  journal = 	 {Journal of the ACM},
  year = 	 {1960},
  volume = 	 {7},
  number = 	 {3},
  pages = 	 {201--215},
  month = 	 {July},
}

@Article{martelli:1982,
  author = 	 {Alberto Martelli and Ugo Montanari},
  title = 	 {An Efficient Unification Algorithm},
  journal = 	 {ACM Transactions on Programming Languages and Systems (TOPLAS)},
  year = 	 {1982},
  volume = 	 {4},
  number = 	 {2},
  pages = 	 {258-282},
}

@article{davis:1962,
 author = {Martin Davis and George Logemann and Donald Loveland},
 title = {A machine program for theorem-proving},
 journal = {Communications of the ACM},
 volume = {5},
 number = {7},
 year = {1962},
 issn = {0001-0782},
 pages = {394--397},
 publisher = {ACM Press},
 address = {New York, NY, USA},
}

@article{mccune:1997,
 author = {William McCune},
 title = {Solution of the Robbins Problem},
 journal = {Journal of Automated Reasoning},
 volume = {19},
 issue = {3},
 month = {December},
 year = {1997},
 issn = {0168-7433},
 pages = {263--276},
 numpages = {14},
 doi = {10.1023/A:1005843212881},
 acmid = {594206},
 publisher = {Springer-Verlag New York, Inc.},
} 
@unpublished{mccune:2010,
    author = "William McCune",
    title = "{P}rover9 and {M}ace4",
    note = "\verb|http://www.cs.unm.edu/~mccune/prover9/|",
    year = "2005--2010"
}
@inproceedings{moskewicz:2001,
    author = "Matthew W. Moskewicz and Conor F. Madigan and Ying Zhao and Lintao Zhang and Sharad Malik",
    title = "{Chaff: Engineering an Efficient {SAT} Solver}",
    booktitle = "Proceedings of the 38th Design Automation Conference ({DAC}'01)",
    year = "2001",
    url = "http://www.princeton.edu/\symbol{126}chaff/publication/DAC2001v56.pdf",
}
@Article{rice:1953,
  author =	"Henry G. Rice",
  title =	"Classes of Recursively Enumerable Sets and their
		 Decision problems",
  year = 	"1953",
  journal =	"Transactions of the American Mathematical Society",
  volume =	"83",
}
@book{setl86,
 author = {J. T. Schwartz and R. B. Dewar and E. Schonberg and E. Dubinsky},
 title = {Programming With Sets: An Introduction to SETL},
 year = {1986},
 isbn = {0-387-96399-5},
 publisher = {Springer-Verlag},
 }
@TechReport{dewar79,
 author = {Robert B. K. Dewar and Robert Hummel},
 title = {A Gentle Introduction to the {SETL2} Programming language},
 year = {1990},
 note = {Available at: \\ \texttt{ftp://cs.nyu.edu/pub/languages/setl2/doc/2.2/intro.ps}}
 }
@Book{sterling86,
  author =    "Leon Sterling and Ehud Shapiro",
  year =     "1986",
  title =    "The Art of Prolog",
  publisher = "MIT Press",
}
@Book{sterling:94,
  title =    "The Art of Prolog - Advanced Programming Techniques,
         2nd Ed",
  author =    "Leon Sterling and Ehud Y. Shapiro",
  publisher =    "MIT Press",
  year =     "1994",
}
@Article{turing:36,
  author =	"Alan M. Turing",
  title =	"On computable numbers, with an application to the
		 ``{E}ntscheidungsproblem''",
  journal =	"Proceedings of the London Mathematical Society",
  year = 	"1936",
  volume =	"42",
  number =	"2",
  pages =	"230--265",
}
@Article{robinson:1965,
  author = 	 {John A. Robinson},
  title = 	 {A Machine-Oriented Logic Based on the Resolution Principle},
  journal = 	 {Journal of the ACM},
  year = 	 {1965},
  volume = 	 {12},
  number = 	 {1},
  pages = 	 {23--41},
}

